@misc{haproxy:2014,
    author = {HAproxy},
    title = {HAproxy description},
    year = {2014},
    url = {http://www.haproxy.org/#desc}
}
